phdthesis{costanza,
	title = "{Modeling and Control of the Current Density Profile in Tokamaks and its Relation to Electron Transport}",
	author = "Zucca, Costanza",
	year = 2009,
	month = "April",
	school = "EPFL",
	note = "EPFL thesis 4360",
	address = "Lausanne",,
	doi = {10.5075/epfl-thesis-4360}
}

@book{freidberg,
	title = "{Plasma physics and fusion energy}",
	author = "Freidberg, Jeffrey P.",
	publisher = "Cambridge University Press",
	year = 2008,
	address = "Cambridge"
}

@book{freidberg2,
	author = "Freidberg, J. P.",
	title = "{Ideal Magnetohydrodynamics}",
	publisher = "Plenum Press",
	year = 1987,
	address = "New York"
}

@book{boyd-sanderson,
	title = "{The Physics of Plasmas}",
	author = "Boyd, T. J. M. and Sanderson, J. J.",
	publisher = "Cambridge University Press",
	year = 2007,
	address = "Cambridge"
}

@book{wesson,
	author = "Wesson, John",
	title = "{Tokamaks}",
	publisher = "Clarendon Press",
	year = 2004,
	edition = "3rd",
	address = "Oxford",
	series = "International Series of Monographs on Physics (118)"
}

@book{itoh,
	author = "Itoh, K. and Itoh, S.-I. and Fukuyama, A.",
	title = "{Transport and Structural Formation in Plamsas}",
	publisher = "Institute of Physics Publishing",
	year = 1999,
	address = "Bristol",
	series = "Plasma Physics Series"
}

@book{white,
	author = "White, R. B.",
	title = "{The theory of toroidally confined plasmas}",
	year = 2006,
	publisher = "Imperial College Press",
	address = "London"
}

@book{hazeltine,
	author = "Hazeltine, R$. D. and Meiss, J. D.",
	title = "{Plasma Confinement}",
	year = 2003,
	publisher = "Dover Publications, Inc.",
	address = "Mineola"
}

@unpublished{heatDiff,
	author = "Sauter, Olivier and Angioni, C. and Pietrzyk, Z. A.",
	title = "\emph{Heat diffusion coefficients from experimental profiles on {TCV}}",
}
	note = "Can be retrieved on the CRPP Wiki of Chie\_TCV\_nodes."

@manual{astra,
	title = "{ASTRA Automated System for TRansport Analysis}",
	author = "Pereverzev, G. V. and Yushmanov, P. N.",
	year = 2002,
	month = "February",
	organization = "{IPP, Max-Planck-Institut f\"ur Plasmaphysik}",
	address = "{M\"unchen}",
}

@book{lister,
	title = "{Physique des plasmas \Rom{3} (Fusion Control\^ee)}",
	author = "Lister, Jonathan B.",
	publisher = "CRPP-EPFL",
	year = 2010,
}

@article{porcelli1996,
	title = "{Model for the sawtooth period and amplitude}",
	author = "Porcelli, F. and Boucher, D. and Rosenbluth, M. N.",
	journal = "Plasma Phys. Control. Fusion",
	volume = 38,
	number = 12,
	pages = 2163,
	year = 1996,
	doi = {10.1088/0741-3335/38/12/010}
}

unpublished{juliette1,
	title = "\emph{Etude qualitative des oscillations en dents de scie sur les simulations ITER}",
	author = "Audet, Juliette",
	note = "TP \Rom{4}",
	year = 2009
}

unpublished{juliette2,
	title = "\emph{Oscillations en dents de scie: Comment traiter le probl\`eme apport\'e par l'existence de plusieurs surfaces r\'esonantes}",
	author = "Audet, Juliette",
	note = "TP \Rom{4}",
	year = 2009
}

@article{asp2008,
	author = "Asp, E. and others",
	title = "{Electron thermal transport analysis in Tokamak \`a Configuration Variable}",
	journal = "Phys. Plasmas",
	year = 2008,
	volume = 15,
	pages = 082317,
	doi = {10.1063/1.2965828}
}

@article{francescoPPCF,
	author = "Piras, F. and others",
	title = "{Snowflake Divertor Experiments on TCV}",
	year = 2010,
	journal = "Plasma Phys. Control. Fusion",
	volume = 52,
	pages = 124010,
	doi = {10.1088/0741-3335/52/12/124010}
}

@article{francescoPRL,
	author = "Piras, F. and others",
	title = "{``Snowflake'' H-mode in a tokamak plasma}",
	year = 2010,
	journal = "Phys. Rev. Lett.",
	volume = 105,
	pages = 155003,
	doi = {10.1103/PhysRevLett.105.155003}
}

@article{loennroth2004,
	author = "{L\"onnroth}, J.-S. and others",
	title = "{Predictive transport modelling of type I ELMy H-mode dynamics using a theory-motivated combined balooning-peeling model}",
	year = 2004,
	journal = "Plasma Phys. Control. Fusion",
	volume = 46,
	pages = 1197,
	doi = {10.1088/0741-3335/46/8/003}
}

@article{bruckhart2010,
	author = "Bruckhart, A. and others",
	title = "{Inter-ELM behaviour of the electron density and temperature pedestal in ASDEX Upgrade}",
	year = 2010,
	journal = "Plasma Phys. Control. Fusion",
	volume = 52,
	pages = 105010,
	doi = {10.1088/0741-3335/52/10/105010}
}

@article{stacey2007,
	author = "Stacey, W. M. and  Groebner, R. J.",
	title = "{Experimentally inferred thermal diffusivities in the edge pedestal between edge-localized modes in DIII-D}",
	year = 2007,
	journal = "Phys. Plasmas",
	volume = 14,
	pages = 122504,
	doi = {10.1063/1.2817969}
}

@article{stacey2009,
	author = "Stacey, W. M. and Groebner, R. J.",
	title = "{Interpretation of particle pinches and diffusion coefficients in the edge pedestal of DIII-D H-mode plasmas}",
	year = 2009,
	journal = "Phys. Plasmas",
	volume = 16,
	pages = 102504,
	doi = {10.1063/1.3241698}
}

@booklet{lawson,
	author = "Lawson, John David",
	title = "{Some criteria for a useful thermonuclear reactor}",
	year = 1955,
	address = "Harwell, Berkshire, UK"
}

@article{pankin2005,
	author = "Pankin, A. Y. and others",
	title = "{Combined model for the H-mode pedestal and ELMs}",
	year = 2005,
	journal = "Plasma Phys. Control. Fusion",
	volume = 47,
	pages = 483,
	doi = {10.1088/0741-3335/47/3/006}
}

@article{loennroth2004-1,
	author = "{L\"onnroth}, J.-S. and others",
	title = "{Predictive transport modelling and MHD stability analysis of mixed type I-II ELMy H-mode JET plasmas}",
	year = 2004,
	journal = "Plasma Phys. Control. Fusion",
	volume = 46,
	pages = 767,
	doi = {10.1088/0741-3335/46/5/004}
}

@article{snyder2002,
	author = "Snyder, P. B. and others",
	title = "{Edge localized modes and the pedestal: A model based on coupled peeling-ballooning modes}",
	year = 2002,
	journal = "Phys. plasmas",
	volume = 9,
	number = 5,
	pages = 2037,
	doi = {10.1063/1.1449463}
}

@article{pankin2006,
	author = "Pankin, A. Y. and others",
	title = "{Theory-based model for the pedestal, edge stability and ELMs in tokamaks}",
	year = 2006,
	journal = "Nucl. Fusion",
	volume = 46,
	pages = 403,
	doi = {10.1088/0029-5515/46/4/001}
}

article{onjun2002,
	author = "Onjun, T and others",
	title = "{Models for the pedestal temperature at the edge of H-mode tokamak plasmas}",
	year = 2002,
	journal = "Physics of plasmas",
	volume = 9,
	number = 2,
	pages = 5018,
	doi = {10.1063/1.1518474}
}

article{bateman2006,
	author = "Bateman, G. and others",
	title = "{Simulations of pedestal formation and ELM cycles}",
	year = 2006,
	journal = "Plasma Phys. Control. Fusion",
	volume = 48,
	pages = "A93",
	doi = {10.1088/0741-3335/48/5A/S08}
}

@phdthesis{gulejova2010,
	author = "Gulejova, B.",
	title = "{SOLPS Modelling of ELMing H-mode}",
	year = 2010,
	month = "February",
	school = "EPFL",
	address = "Lausanne",
	note = "EPFL thesis 4562",
	doi = {10.5075/epfl-thesis-4562}
}

@phdthesis{angioni,
	title = "{Modelling of electron transport and of sawtooth activity in tokamaks}",
	author = "Angioni, Clemente",
	year = 2001,
	school = "EPFL",
	address = "Lausanne",
	note = "EPFL thesis 2469",
	doi = {10.5075/epfl-thesis-2469}
}

article{shi2010,
	author = "Shi, B.",
	title = "{Semi-analytical study of the tokamak pedestal density profile in a single-null diverted plasma with puffing-recycling gas sources}",
	year = 2010,
	journal = "Plasma Phys. Control. Fusion",
	volume = 52,
	pages = 105004,
	doi = {10.1088/0741-3335/52/10/105004}
}

article{maggi2010,
	author = "Maggi, C. F.",
	title = "{Progress in understanding the physics of the H-mode pedestal and ELM dynamics}",
	year = 2010,
	journal = "Nucl. Fusion",
	volume = 50,
	pages = 066001,
	doi = {10.1088/0029-5515/50/6/066001}
}

article{stacey2010,
	author = "Stacey, W. M.",
	title = "{The effects of rotation, electric field, and recycling neutrals on determining the edge pedestal density profile}",
	year = 2010,
	journal = "Phys. Plasmas",
	volume = 17,
	pages = 052506,
	doi = {10.1063/1.3431092}
}

article{hayashi2009,
	title = "Hayashi, N. and others",
	title = "{Integrated simulation of ELM energy loss and cycle in improved H-mode plasmas}",
	year = 2009,
	journal = "Nucl. Fusion",
	volume = 49,
	pages = 095015,
	doi = {10.1088/0029-5515/49/9/095015}
}

article{hayashi2007,
	author = "Hayashi, N. and others",
	title = "{Integrated ELM Simulation with Edge MHD Stability and Transport of SOL-Divertor Plasmas}",
	year = 2007,
	journal = "Contrib. Plasma Phys.",
	volume = 48,
	pages = 196,
	doi = {10.1002/ctpp.200810035}
}

@article{gimblett2006,
	author = "Gimblett, C. G. and others",
	title = "{The role of edge current-driven modes in ELM activity}",
	year = 2006,
	journal = "Plasma Phys. Control. Fusion",
	volume = 48,
	pages = 1531,
	doi = {10.1088/0741-3335/48/10/006}
}

@phdthesis{andreas2010,
	author = "Pitzschke, A.",
	title = "{Pedestal Characteristics and MHD stability of H-mode Plasmas in TCV}",
	note = "EPFL thesis 4917",
	year = 2011,
	school = "EPFL",
	address = "Lausanne",
	doi = {10.5075/epfl-thesis-4917}
}

@article{fable2006,
	author = "Fable, E. and others",
	title = "{Inward thermodiffusive particle pinch in electron internal transport barriers in TCV}",
	year = 2006,
	journal = "Plasma Phys. Control. Fusion",
	volume = 48,
	number = 9,
	pages = 1271,
	doi = {10.1088/0741-3335/48/9/001}
}

@techreport{fableST,
	author = "Fable, E. and others",
	title = "{Sawtooth relaxation model package in Fortran 90}",
	institution = "Integrated Tokamak Modelling Task Force, EFDA",
	year = 2007,
	address = "{M\"unchen}"
}

@phdthesis{fable2009,
	author = "Fable, E.",
	title = "{Experimental and Theoretical Study of Particle Transport in the TCV Tokamak}",
	year = 2009,
	month = "June",
	school = "EPFL",
	address = "Lausanne",
	note = "EPFL thesis 4334",
	doi = {10.5075/epfl-thesis-4334}
}

@article{ipeg1999,
	author = "{ITER Physics Expert Groups on Confinement and Transport and others}",
	title = "{Chapter 2: Plasma confinement and transport}",
	journal = "Nucl. Fusion",
	year = 1999,
	volume = 39,
	number = 12,
	pages = 2175,
	doi = {10.1088/0029-5515/39/12/302}
}

article{frieman1979,
	author = "Frieman, E. A. and others",
	title = "{Toroidal effects on magnetohydrodynamic modes in tokamaks}",
	journal = "Phys. Fluids",
	year = 1973,
	volume = 16,
	number = 7,
	pages = 1108,
	doi = {10.1063/1.1694474}
}

@article{connor1998,
	author = "Connor, J. W. and others",
	title = "{Magnetohydrodynamic stability of tokamak edge plasmas}",
	journal = "Phys. Plasmas",
	year = 1998,
	volume = 5,
	number = 7,
	pages = 2687,
	doi = {10.1063/1.872956}
}

article{webster2009,
	author = "Webster, A. J. and others",
	title = "{Magnetohydrodynamic stability at a separatrix. I. Toroidal peeling modes and the energy principle}",
	year = 2009,
	journal = "Phys. Plasmas",
	volume = 16,
	pages = 082502,
	doi = {10.1063/1.3194270}
}

@article{medvedev2006,
	author = "Medvedev, S. Y. and others",
	title = "{Edge kink/ballooning mode stability in tokamaks with separatrix}",
	year = 2006,
	journal = "Plasma Phys. Control. Fusion",
	volume = 48,
	number = 7,
	pages = 927,
	doi = {10.1088/0741-3335/48/7/003}
}

@misc{iterNews,
	author = "Arnoux, R.",
	title = "{How Fritz Wagner ``discovered'' the H-Mode}",
	year = 2009,
	month = "June 19",
	note = "[Online:] http://www.iter.org/newsline/86/659 (consulted on December 21, 2010)"
}

@article{angioni-sauter2000,
	author = "Angioni, C. and Sauter, O.",
	title = "{Neoclassical transport coefficients for general axisymmetric equilibria in the banana regime}",
	year = 2000,
	journal = "Phys. Plasmas",
	volume = 7,
	pages = 1224,
	doi = {10.1063/1.873933}
}

@article{igochine2010,
	author = "Igochine, V. and others",
	title = "{Structure and dynamics of sawteeth crashes in ASDEX Upgrade}",
	year = 2010,
	journal = "Phys. Plasmas.",
	volume = 17,
	pages = 122506,
	doi = {10.1063/1.3529363}
}

@article{neuhauser2002,
	author = "Neuhauser, J. and others",
	title = "{Transport into and across the scrape-off layer in the ASDEX Upgrade divertor tokamak}",
	year = 2002,
	journal = "Plasma Phys. Contr. Fusion",
	volume = 44,
	pages = 855,
	doi = {10.1088/0741-3335/44/6/316}
}

@article{wesson1978,
	author = "Wesson, J. A.",
	title = "{Hydromagnetic stability of tokamaks}",
	year = 1978,
	journal = "Nucl. Fusion",
	volume = 18,
	pages = 87
}

@article{lortz1975,
	author = "Lortz, D.",
	title = "{The general ``peeling'' instability}",
	year = 1975,
	journal = "Nucl. Fusion",
	volume = 15,
	pages = 41
}

@inproceedings{thomson,
	author = "Behn, R. and others",
	title = "{The Thomson Scattering Diagnostic on TCV}",
	year = 1995,
	booktitle = "{7th International Symposium on Laser-aided plasma diagnostics (LAPD-7)}",
	pages = "392-397"
}

@phdthesis{bosshard2003,
	author = "Bosshard, P.",
	title = "{Confinement ionique dans le tokamak TCV mesur\'e par spectroscopie d'\'echange de charge.}",
	year = 2003,
	school = "EPFL",
	address = "Lausanne",
	note = "EPFL thesis 2723",
	doi = {10.5075/epfl-thesis-2723}
}

@article{ryter2001,
  author = "Ryter, F.  and others",
  title = "{Experimental Evidence for Gradient Length-Driven Electron Transport in Tokamaks}",
  year = 2001,
  journal = "Phys. Rev. Lett.",
  volume = 86,
  number = 11,
  pages = 2325,
  publisher = {American Physical Society},
  doi = {10.1103/PhysRevLett.86.2325}
}

@article{matsuda1989,
	author = "Matsuda, K.",
	title = "{Ray Tracing Stduy of the Electron Cyclotron Current Drive in DIII-D Using 60 GHz}",
	year = 1989,
	journal = "IEEE Trans. Plasma Sci.",
	volume = 17,
	number = 1,
	pages = 6
}

@article{hinton1976,
	author = "Hinton, F. L. and Hazeltine, R. D.",
	title = "{Theory of plasma transport in toroidal confinement systems}",
	journal = "Rev. Mod. Phys.",
	year = 1976,
	volume = 48,
	number = 2,
	pages = 239,
	publisher = "American Physical Society",
	doi = {10.1103/RevModPhys.48.239}
}

